%YAML 1.1
%TAG !u! tag:unity3d.com,2011:
--- !u!1 &3555957012739987819
GameObject:
  m_ObjectHideFlags: 0
  m_CorrespondingSourceObject: {fileID: 0}
  m_PrefabInstance: {fileID: 0}
  m_PrefabAsset: {fileID: 0}
  serializedVersion: 6
  m_Component:
  - component: {fileID: 3555957012739987824}
  - component: {fileID: 3555957012739987831}
  - component: {fileID: 3555957012739987830}
  - component: {fileID: 3555957012739987829}
  - component: {fileID: 3555957012739987828}
  - component: {fileID: 3555957012739987827}
  - component: {fileID: 3555957012739987826}
  - component: {fileID: 3555957012739987825}
  - component: {fileID: 3452996039893364953}
  m_Layer: 0
  m_Name: Dirt02
  m_TagString: Interactable
  m_Icon: {fileID: 0}
  m_NavMeshLayer: 0
  m_StaticEditorFlags: 0
  m_IsActive: 1
--- !u!4 &3555957012739987824
Transform:
  m_ObjectHideFlags: 0
  m_CorrespondingSourceObject: {fileID: 0}
  m_PrefabInstance: {fileID: 0}
  m_PrefabAsset: {fileID: 0}
  m_GameObject: {fileID: 3555957012739987819}
  m_LocalRotation: {x: 0, y: 0, z: 0, w: 1}
  m_LocalPosition: {x: 0.575, y: 0, z: -0.625}
  m_LocalScale: {x: 1, y: 1, z: 1}
  m_Children:
  - {fileID: 7615528680812011023}
  m_Father: {fileID: 0}
  m_RootOrder: 0
  m_LocalEulerAnglesHint: {x: 0, y: 0, z: 0}
--- !u!114 &3555957012739987831
MonoBehaviour:
  m_ObjectHideFlags: 0
  m_CorrespondingSourceObject: {fileID: 0}
  m_PrefabInstance: {fileID: 0}
  m_PrefabAsset: {fileID: 0}
  m_GameObject: {fileID: 3555957012739987819}
  m_Enabled: 0
  m_EditorHideFlags: 0
  m_Script: {fileID: 11500000, guid: 5fea29bb7c508c244a1f805a5fd3fc4d, type: 3}
  m_Name: 
  m_EditorClassIdentifier: 
  outlineMode: 1
  outlineColor: {r: 1, g: 1, b: 1, a: 1}
  outlineWidth: 4.06
  precomputeOutline: 0
  bakeKeys: []
  bakeValues: []
--- !u!114 &3555957012739987830
MonoBehaviour:
  m_ObjectHideFlags: 0
  m_CorrespondingSourceObject: {fileID: 0}
  m_PrefabInstance: {fileID: 0}
  m_PrefabAsset: {fileID: 0}
  m_GameObject: {fileID: 3555957012739987819}
  m_Enabled: 1
  m_EditorHideFlags: 0
  m_Script: {fileID: 11500000, guid: 1f54368f650b4044ea5e5262acaafc4c, type: 3}
  m_Name: 
  m_EditorClassIdentifier: 
  outlineColor: {r: 1, g: 0.92156863, b: 0.015686275, a: 1}
  outlineThickness: 5
--- !u!54 &3555957012739987829
Rigidbody:
  m_ObjectHideFlags: 0
  m_CorrespondingSourceObject: {fileID: 0}
  m_PrefabInstance: {fileID: 0}
  m_PrefabAsset: {fileID: 0}
  m_GameObject: {fileID: 3555957012739987819}
  serializedVersion: 2
  m_Mass: 1
  m_Drag: 0
  m_AngularDrag: 0.05
  m_UseGravity: 1
  m_IsKinematic: 1
  m_Interpolate: 0
  m_Constraints: 126
  m_CollisionDetection: 0
--- !u!136 &3555957012739987828
CapsuleCollider:
  m_ObjectHideFlags: 0
  m_CorrespondingSourceObject: {fileID: 0}
  m_PrefabInstance: {fileID: 0}
  m_PrefabAsset: {fileID: 0}
  m_GameObject: {fileID: 3555957012739987819}
  m_Material: {fileID: 0}
  m_IsTrigger: 1
  m_Enabled: 1
  m_Radius: 0.5
  m_Height: 2.32
  m_Direction: 1
  m_Center: {x: 0, y: 0.29, z: 0}
--- !u!114 &3555957012739987827
MonoBehaviour:
  m_ObjectHideFlags: 0
  m_CorrespondingSourceObject: {fileID: 0}
  m_PrefabInstance: {fileID: 0}
  m_PrefabAsset: {fileID: 0}
  m_GameObject: {fileID: 3555957012739987819}
  m_Enabled: 1
  m_EditorHideFlags: 0
  m_Script: {fileID: 11500000, guid: 17cf3ccca2759134ebce81d3abed3fa3, type: 3}
  m_Name: 
  m_EditorClassIdentifier: 
  waitingTime: 1
  onStartInteraction:
    m_PersistentCalls:
      m_Calls: []
  onCancelInteraction:
    m_PersistentCalls:
      m_Calls: []
  onEndInteraction:
    m_PersistentCalls:
      m_Calls:
      - m_Target: {fileID: 3555957012739987825}
        m_TargetAssemblyTypeName: DestroyGO, Assembly-CSharp
        m_MethodName: DestroyThis
        m_Mode: 1
        m_Arguments:
          m_ObjectArgument: {fileID: 0}
          m_ObjectArgumentAssemblyTypeName: UnityEngine.Object, UnityEngine
          m_IntArgument: 0
          m_FloatArgument: 0
          m_StringArgument: 
          m_BoolArgument: 0
        m_CallState: 2
      - m_Target: {fileID: 3452996039893364953}
        m_TargetAssemblyTypeName: PlaySFX, Assembly-CSharp
        m_MethodName: PlaySfx
        m_Mode: 3
        m_Arguments:
          m_ObjectArgument: {fileID: 0}
          m_ObjectArgumentAssemblyTypeName: UnityEngine.Object, UnityEngine
          m_IntArgument: 1
          m_FloatArgument: 0
          m_StringArgument: 
          m_BoolArgument: 0
        m_CallState: 2
  onlyWithEmptyHand: 1
  onError:
    m_PersistentCalls:
      m_Calls:
      - m_Target: {fileID: 3452996039893364953}
        m_TargetAssemblyTypeName: PlaySFX, Assembly-CSharp
        m_MethodName: PlaySfx
        m_Mode: 3
        m_Arguments:
          m_ObjectArgument: {fileID: 0}
          m_ObjectArgumentAssemblyTypeName: UnityEngine.Object, UnityEngine
          m_IntArgument: 0
          m_FloatArgument: 0
          m_StringArgument: 
          m_BoolArgument: 0
        m_CallState: 2
--- !u!114 &3555957012739987826
MonoBehaviour:
  m_ObjectHideFlags: 0
  m_CorrespondingSourceObject: {fileID: 0}
  m_PrefabInstance: {fileID: 0}
  m_PrefabAsset: {fileID: 0}
  m_GameObject: {fileID: 3555957012739987819}
  m_Enabled: 1
  m_EditorHideFlags: 0
  m_Script: {fileID: 11500000, guid: 87236c75aa53d3e479977a56a4587ec1, type: 3}
  m_Name: 
  m_EditorClassIdentifier: 
  dirtLevel: 15
--- !u!114 &3555957012739987825
MonoBehaviour:
  m_ObjectHideFlags: 0
  m_CorrespondingSourceObject: {fileID: 0}
  m_PrefabInstance: {fileID: 0}
  m_PrefabAsset: {fileID: 0}
  m_GameObject: {fileID: 3555957012739987819}
  m_Enabled: 1
  m_EditorHideFlags: 0
  m_Script: {fileID: 11500000, guid: c0cdc0d1eec4fa74ab857391fb23797f, type: 3}
  m_Name: 
  m_EditorClassIdentifier: 
  isDirt: 1
  toDestroy: {fileID: 3555957012739987819}
--- !u!114 &3452996039893364953
MonoBehaviour:
  m_ObjectHideFlags: 0
  m_CorrespondingSourceObject: {fileID: 0}
  m_PrefabInstance: {fileID: 0}
  m_PrefabAsset: {fileID: 0}
  m_GameObject: {fileID: 3555957012739987819}
  m_Enabled: 1
  m_EditorHideFlags: 0
  m_Script: {fileID: 11500000, guid: 6bc32e8cd2a5efe4e8f8ba949be7074f, type: 3}
  m_Name: 
  m_EditorClassIdentifier: 
  sfx:
  - {fileID: 8300000, guid: 45f080b484f0aca49a1287448fc630dc, type: 3}
  - {fileID: 8300000, guid: 1bf1f08ddcfd2cb45a14f026099fc1e2, type: 3}
--- !u!1001 &7936876920395020772
PrefabInstance:
  m_ObjectHideFlags: 0
  serializedVersion: 2
  m_Modification:
    m_TransformParent: {fileID: 3555957012739987824}
    m_Modifications:
    - target: {fileID: -8679921383154817045, guid: 948906a08ffda6044a399b1c8c007449, type: 3}
      propertyPath: m_RootOrder
      value: 0
      objectReference: {fileID: 0}
    - target: {fileID: -8679921383154817045, guid: 948906a08ffda6044a399b1c8c007449, type: 3}
      propertyPath: m_LocalScale.x
      value: 38.693
      objectReference: {fileID: 0}
    - target: {fileID: -8679921383154817045, guid: 948906a08ffda6044a399b1c8c007449, type: 3}
      propertyPath: m_LocalScale.y
      value: 38.693
      objectReference: {fileID: 0}
    - target: {fileID: -8679921383154817045, guid: 948906a08ffda6044a399b1c8c007449, type: 3}
      propertyPath: m_LocalScale.z
      value: 38.693
      objectReference: {fileID: 0}
    - target: {fileID: -8679921383154817045, guid: 948906a08ffda6044a399b1c8c007449, type: 3}
      propertyPath: m_LocalPosition.x
      value: -0
      objectReference: {fileID: 0}
    - target: {fileID: -8679921383154817045, guid: 948906a08ffda6044a399b1c8c007449, type: 3}
      propertyPath: m_LocalPosition.y
      value: 0.162
      objectReference: {fileID: 0}
    - target: {fileID: -8679921383154817045, guid: 948906a08ffda6044a399b1c8c007449, type: 3}
      propertyPath: m_LocalPosition.z
      value: -0
      objectReference: {fileID: 0}
    - target: {fileID: -8679921383154817045, guid: 948906a08ffda6044a399b1c8c007449, type: 3}
      propertyPath: m_LocalRotation.w
      value: 0.7071067
      objectReference: {fileID: 0}
    - target: {fileID: -8679921383154817045, guid: 948906a08ffda6044a399b1c8c007449, type: 3}
      propertyPath: m_LocalRotation.x
      value: -0.7071068
      objectReference: {fileID: 0}
    - target: {fileID: -8679921383154817045, guid: 948906a08ffda6044a399b1c8c007449, type: 3}
      propertyPath: m_LocalRotation.y
      value: 0
      objectReference: {fileID: 0}
    - target: {fileID: -8679921383154817045, guid: 948906a08ffda6044a399b1c8c007449, type: 3}
      propertyPath: m_LocalRotation.z
      value: -0
      objectReference: {fileID: 0}
    - target: {fileID: -8679921383154817045, guid: 948906a08ffda6044a399b1c8c007449, type: 3}
      propertyPath: m_LocalEulerAnglesHint.x
      value: 0
      objectReference: {fileID: 0}
    - target: {fileID: -8679921383154817045, guid: 948906a08ffda6044a399b1c8c007449, type: 3}
      propertyPath: m_LocalEulerAnglesHint.y
      value: 0
      objectReference: {fileID: 0}
    - target: {fileID: -8679921383154817045, guid: 948906a08ffda6044a399b1c8c007449, type: 3}
      propertyPath: m_LocalEulerAnglesHint.z
      value: 0
      objectReference: {fileID: 0}
    - target: {fileID: -7511558181221131132, guid: 948906a08ffda6044a399b1c8c007449, type: 3}
      propertyPath: m_Materials.Array.data[0]
      value: 
      objectReference: {fileID: 2100000, guid: acea47344f7ef284093d982571f9ec7b, type: 2}
    - target: {fileID: 919132149155446097, guid: 948906a08ffda6044a399b1c8c007449, type: 3}
      propertyPath: m_Name
      value: Pee
      objectReference: {fileID: 0}
    m_RemovedComponents: []
  m_SourcePrefab: {fileID: 100100000, guid: 948906a08ffda6044a399b1c8c007449, type: 3}
--- !u!4 &7615528680812011023 stripped
Transform:
  m_CorrespondingSourceObject: {fileID: -8679921383154817045, guid: 948906a08ffda6044a399b1c8c007449, type: 3}
  m_PrefabInstance: {fileID: 7936876920395020772}
  m_PrefabAsset: {fileID: 0}
