%YAML 1.1
%TAG !u! tag:unity3d.com,2011:
--- !u!1 &2685512912821942022
GameObject:
  m_ObjectHideFlags: 0
  m_CorrespondingSourceObject: {fileID: 0}
  m_PrefabInstance: {fileID: 0}
  m_PrefabAsset: {fileID: 0}
  serializedVersion: 6
  m_Component:
  - component: {fileID: 2685512912821942021}
  - component: {fileID: 2685512912821942023}
  - component: {fileID: 2685512912821942018}
  - component: {fileID: 2685512912821942020}
  - component: {fileID: 2685512912821942019}
  - component: {fileID: 2685512912821942016}
  - component: {fileID: 2685512912821942017}
  - component: {fileID: 5277754035492560569}
  m_Layer: 0
  m_Name: WanderingCustomer
  m_TagString: Untagged
  m_Icon: {fileID: 0}
  m_NavMeshLayer: 0
  m_StaticEditorFlags: 0
  m_IsActive: 1
--- !u!4 &2685512912821942021
Transform:
  m_ObjectHideFlags: 0
  m_CorrespondingSourceObject: {fileID: 0}
  m_PrefabInstance: {fileID: 0}
  m_PrefabAsset: {fileID: 0}
  m_GameObject: {fileID: 2685512912821942022}
  m_LocalRotation: {x: 0, y: 0, z: 0, w: 1}
  m_LocalPosition: {x: -0.06, y: 0, z: -7.69}
  m_LocalScale: {x: 1, y: 1, z: 1}
  m_Children:
  - {fileID: 2685512913905439286}
  m_Father: {fileID: 0}
  m_RootOrder: 0
  m_LocalEulerAnglesHint: {x: 0, y: 0, z: 0}
--- !u!195 &2685512912821942023
NavMeshAgent:
  m_ObjectHideFlags: 0
  m_CorrespondingSourceObject: {fileID: 0}
  m_PrefabInstance: {fileID: 0}
  m_PrefabAsset: {fileID: 0}
  m_GameObject: {fileID: 2685512912821942022}
  m_Enabled: 1
  m_AgentTypeID: 0
  m_Radius: 0.5
  m_Speed: 2
  m_Acceleration: 8
  avoidancePriority: 50
  m_AngularSpeed: 240
  m_StoppingDistance: 0.25
  m_AutoTraverseOffMeshLink: 1
  m_AutoBraking: 1
  m_AutoRepath: 1
  m_Height: 2
  m_BaseOffset: -0.1
  m_WalkableMask: 4294967295
  m_ObstacleAvoidanceType: 0
--- !u!114 &2685512912821942018
MonoBehaviour:
  m_ObjectHideFlags: 0
  m_CorrespondingSourceObject: {fileID: 0}
  m_PrefabInstance: {fileID: 0}
  m_PrefabAsset: {fileID: 0}
  m_GameObject: {fileID: 2685512912821942022}
  m_Enabled: 1
  m_EditorHideFlags: 0
  m_Script: {fileID: 11500000, guid: 95e851675aa6c884ba913b77b7619d68, type: 3}
  m_Name: 
  m_EditorClassIdentifier: 
  targetPointCount: 3
  onTargetReached:
    m_PersistentCalls:
      m_Calls:
      - m_Target: {fileID: 5277754035492560569}
        m_TargetAssemblyTypeName: DirtSpawner, Assembly-CSharp
        m_MethodName: SpawnDirt
        m_Mode: 1
        m_Arguments:
          m_ObjectArgument: {fileID: 0}
          m_ObjectArgumentAssemblyTypeName: UnityEngine.Object, UnityEngine
          m_IntArgument: 0
          m_FloatArgument: 0
          m_StringArgument: 
          m_BoolArgument: 0
        m_CallState: 2
  idleTime: 0.5
--- !u!114 &2685512912821942020
MonoBehaviour:
  m_ObjectHideFlags: 0
  m_CorrespondingSourceObject: {fileID: 0}
  m_PrefabInstance: {fileID: 0}
  m_PrefabAsset: {fileID: 0}
  m_GameObject: {fileID: 2685512912821942022}
  m_Enabled: 0
  m_EditorHideFlags: 0
  m_Script: {fileID: 11500000, guid: 5fea29bb7c508c244a1f805a5fd3fc4d, type: 3}
  m_Name: 
  m_EditorClassIdentifier: 
  outlineMode: 1
  outlineColor: {r: 1, g: 1, b: 1, a: 1}
  outlineWidth: 2
  precomputeOutline: 0
  bakeKeys: []
  bakeValues: []
--- !u!114 &2685512912821942019
MonoBehaviour:
  m_ObjectHideFlags: 0
  m_CorrespondingSourceObject: {fileID: 0}
  m_PrefabInstance: {fileID: 0}
  m_PrefabAsset: {fileID: 0}
  m_GameObject: {fileID: 2685512912821942022}
  m_Enabled: 1
  m_EditorHideFlags: 0
  m_Script: {fileID: 11500000, guid: 1f54368f650b4044ea5e5262acaafc4c, type: 3}
  m_Name: 
  m_EditorClassIdentifier: 
  outlineColor: {r: 1, g: 0.92156863, b: 0.015686275, a: 1}
  outlineThickness: 5
--- !u!54 &2685512912821942016
Rigidbody:
  m_ObjectHideFlags: 0
  m_CorrespondingSourceObject: {fileID: 0}
  m_PrefabInstance: {fileID: 0}
  m_PrefabAsset: {fileID: 0}
  m_GameObject: {fileID: 2685512912821942022}
  serializedVersion: 2
  m_Mass: 100
  m_Drag: 0
  m_AngularDrag: 0.05
  m_UseGravity: 1
  m_IsKinematic: 0
  m_Interpolate: 0
  m_Constraints: 126
  m_CollisionDetection: 0
--- !u!136 &2685512912821942017
CapsuleCollider:
  m_ObjectHideFlags: 0
  m_CorrespondingSourceObject: {fileID: 0}
  m_PrefabInstance: {fileID: 0}
  m_PrefabAsset: {fileID: 0}
  m_GameObject: {fileID: 2685512912821942022}
  m_Material: {fileID: 0}
  m_IsTrigger: 0
  m_Enabled: 1
  m_Radius: 0.5
  m_Height: 2.24
  m_Direction: 1
  m_Center: {x: 0, y: 1.07, z: 0}
--- !u!114 &5277754035492560569
MonoBehaviour:
  m_ObjectHideFlags: 0
  m_CorrespondingSourceObject: {fileID: 0}
  m_PrefabInstance: {fileID: 0}
  m_PrefabAsset: {fileID: 0}
  m_GameObject: {fileID: 2685512912821942022}
  m_Enabled: 1
  m_EditorHideFlags: 0
  m_Script: {fileID: 11500000, guid: 0154505908383644d8bb2eb486867764, type: 3}
  m_Name: 
  m_EditorClassIdentifier: 
  dirtItems:
  - {fileID: 9029790094604672697, guid: c665eeb93a1663b4f90425932ed29f53, type: 3}
  - {fileID: 3555957012739987819, guid: aeee270341742bf4c81ee29ee903f3d5, type: 3}
  - {fileID: 451488292893013953, guid: e4a56bfeca938844496e20446fc46610, type: 3}
  - {fileID: 1998180901860004296, guid: f861765d76fe05f4880bcb9564ead3ae, type: 3}
--- !u!1001 &2685512913905043638
PrefabInstance:
  m_ObjectHideFlags: 0
  serializedVersion: 2
  m_Modification:
    m_TransformParent: {fileID: 2685512912821942021}
    m_Modifications:
    - target: {fileID: 100000, guid: 3f27a5aa7f5b86b41870fa4d6228e254, type: 3}
      propertyPath: m_Name
      value: _cyborg_base
      objectReference: {fileID: 0}
    - target: {fileID: 400000, guid: 3f27a5aa7f5b86b41870fa4d6228e254, type: 3}
      propertyPath: m_RootOrder
      value: 0
      objectReference: {fileID: 0}
    - target: {fileID: 400000, guid: 3f27a5aa7f5b86b41870fa4d6228e254, type: 3}
      propertyPath: m_LocalScale.x
      value: 0.019063722
      objectReference: {fileID: 0}
    - target: {fileID: 400000, guid: 3f27a5aa7f5b86b41870fa4d6228e254, type: 3}
      propertyPath: m_LocalScale.y
      value: 0.019063722
      objectReference: {fileID: 0}
    - target: {fileID: 400000, guid: 3f27a5aa7f5b86b41870fa4d6228e254, type: 3}
      propertyPath: m_LocalScale.z
      value: 0.019063722
      objectReference: {fileID: 0}
    - target: {fileID: 400000, guid: 3f27a5aa7f5b86b41870fa4d6228e254, type: 3}
      propertyPath: m_LocalPosition.x
      value: 0
      objectReference: {fileID: 0}
    - target: {fileID: 400000, guid: 3f27a5aa7f5b86b41870fa4d6228e254, type: 3}
      propertyPath: m_LocalPosition.y
      value: 0.04100001
      objectReference: {fileID: 0}
    - target: {fileID: 400000, guid: 3f27a5aa7f5b86b41870fa4d6228e254, type: 3}
      propertyPath: m_LocalPosition.z
      value: 0
      objectReference: {fileID: 0}
    - target: {fileID: 400000, guid: 3f27a5aa7f5b86b41870fa4d6228e254, type: 3}
      propertyPath: m_LocalRotation.w
      value: 1
      objectReference: {fileID: 0}
    - target: {fileID: 400000, guid: 3f27a5aa7f5b86b41870fa4d6228e254, type: 3}
      propertyPath: m_LocalRotation.x
      value: -0
      objectReference: {fileID: 0}
    - target: {fileID: 400000, guid: 3f27a5aa7f5b86b41870fa4d6228e254, type: 3}
      propertyPath: m_LocalRotation.y
      value: -0
      objectReference: {fileID: 0}
    - target: {fileID: 400000, guid: 3f27a5aa7f5b86b41870fa4d6228e254, type: 3}
      propertyPath: m_LocalRotation.z
      value: -0
      objectReference: {fileID: 0}
    - target: {fileID: 400000, guid: 3f27a5aa7f5b86b41870fa4d6228e254, type: 3}
      propertyPath: m_LocalEulerAnglesHint.x
      value: 0
      objectReference: {fileID: 0}
    - target: {fileID: 400000, guid: 3f27a5aa7f5b86b41870fa4d6228e254, type: 3}
      propertyPath: m_LocalEulerAnglesHint.y
      value: 0
      objectReference: {fileID: 0}
    - target: {fileID: 400000, guid: 3f27a5aa7f5b86b41870fa4d6228e254, type: 3}
      propertyPath: m_LocalEulerAnglesHint.z
      value: 0
      objectReference: {fileID: 0}
    - target: {fileID: 9500000, guid: 3f27a5aa7f5b86b41870fa4d6228e254, type: 3}
      propertyPath: m_Controller
      value: 
      objectReference: {fileID: 9100000, guid: 21bfd9db3a18bb9448aa79dc9181bf40, type: 2}
    - target: {fileID: 13700000, guid: 3f27a5aa7f5b86b41870fa4d6228e254, type: 3}
      propertyPath: m_Materials.Array.data[0]
      value: 
      objectReference: {fileID: 2100000, guid: 30c0b11445e300441acbdc7ea7123c41, type: 2}
    - target: {fileID: 13700002, guid: 3f27a5aa7f5b86b41870fa4d6228e254, type: 3}
      propertyPath: m_Materials.Array.data[0]
      value: 
      objectReference: {fileID: 2100000, guid: bcc72d11c63dc724288067caa428ee6a, type: 2}
    m_RemovedComponents: []
  m_SourcePrefab: {fileID: 100100000, guid: 3f27a5aa7f5b86b41870fa4d6228e254, type: 3}
--- !u!4 &2685512913905439286 stripped
Transform:
  m_CorrespondingSourceObject: {fileID: 400000, guid: 3f27a5aa7f5b86b41870fa4d6228e254, type: 3}
  m_PrefabInstance: {fileID: 2685512913905043638}
  m_PrefabAsset: {fileID: 0}
